2924 4860
205 530 287 623 quod
312 546 449 624 apparet
477 561 517 606 ex
540 541 589 606 his
613 541 661 607 Vl
685 542 779 606 locis:
806 550 879 621 200,
908 549 945 605 to
971 541 1052 620 quod
1077 547 1247 623 ponantur,
1281 536 1375 626 (simi-

206 649 281 715 liter
304 649 336 714 in
352 650 447 715 titulo
467 650 567 729 „quod
584 648 778 730 ponenrla“)‚
794 658 867 729 298,
885 657 923 713 13
942 654 974 712 00
992 657 1065 727 300,
1084 658 1122 712 lo
1140 651 1375 730 qriodponatur3

207 765 317 836 301,1
348 757 581 838 quodponcum
619 765 692 836 303,
710 765 748 819 10
784 758 1032 836 qnodponcndac
1056 775 1127 835 pro:
1156 756 1376 838 disponantur,

207 864 404 945 disponenda
429 870 490 928 cet.

293 972 473 1036 Praeterea
501 970 533 1035 in
562 971 615 1034 illo
648 971 756 1035 codice
786 971 917 1036 litterae
941 990 961 1034 0
991 975 1024 1034 00
1053 991 1083 1051 0,
1107 972 1140 1035 in
1169 976 1202 1035 et
1226 992 1266 1054 m,
1291 972 1320 1037 ri
1344 977 1376 1036 ct

206 1079 334 1144 nmalc
369 1079 541 1143 distinctae
574 1076 672 1141 fuisse
700 1079 860 1159 ridentur,
890 1096 951 1158 quo
980 1078 1024 1158 fit,
1056 1087 1091 1143 ut
1119 1098 1203 1145 0000
1231 1079 1376 1161 legamus

205 1187 239 1250 in
261 1206 335 1268 pg:

296 1302 369 1372 aab,
385 1301 425 1358 20
449 1293 680 1375 in(1n)1nersum
704 1312 761 1373 pro
786 1293 947 1358 inversum
971 1291 1029 1375 (i).

296 1409 402 1480 2000
427 1402 586 1465 rediumas
610 1421 667 1482 pro
692 1400 852 1465 redivivas
877 1398 933 1482 (v).

296 1515 411 1589 295,st
438 1507 611 1588 primisque
636 1525 694 1588 pro
720 1507 905 1587 pruinisque
930 1507 987 1590 (0).

296 1623 425 1696 30013
450 1616 537 1680 visos
564 1614 652 1697 (0000
677 1621 776 1697 cona)
800 1634 859 1695 pro
884 1635 958 1680 usus
985 1616 1041 1698 (v).

296 1729 403 1802 aaut
427 1722 593 1803 proflucrit
617 1741 673 1802 pro
698 1721 857 1802 profluent·
883 1721 930 1806 (v)

294 1830 358 1894 His
382 1830 536 1911 expositis
561 1831 600 1893 de
635 1829 724 1894 libris
754 1851 773 1911 p
797 1834 831 1894 00
854 1850 876 1911 g
904 1832 965 1895 iam
993 1835 1139 1895 revertor
1163 1833 1203 1896 ad
1232 1832 1375 1898 codicem

206 1957 237 2020 V,
262 1939 315 2018 qui
339 1939 385 2004 uti
414 1942 511 2002 antea
538 1938 682 2018 vidimus,
715 1941 802 2002 certo
827 1957 890 2001 000
913 1949 964 2003 000
991 1940 1200 2020 apographon
1233 1941 1375 2005 eiusdem

207 2047 400 2128 exemplaris
435 2066 475 2110 ex
504 2064 563 2125 quo
592 2046 779 2127 prodierunt
806 2067 827 2126 p
852 2054 885 2111 00
905 2065 944 2127 ,0.
991 2047 1241 2127 lliscrepantiae
1265 2053 1374 2114 autem

208 2175 289 2237 quae
312 2154 514 2219 intercedunt
537 2152 622 2217 inter
645 2172 665 2216 v
689 2159 722 2216 00
745 2173 765 2234 p
778 2173 800 2235 g
822 2154 869 2217 ita
892 2153 1154 2233 interpretandae
1171 2173 1241 2218 0000
1264 2156 1374 2221 viden·

207 2270 269 2344 tur,
298 2269 334 2328 ut
364 2282 435 2327 cum
458 2261 556 2325 Rusio
586 2261 792 2342 suspicemur,
821 2280 906 2326 vex
937 2262 1103 2325 emendato
1139 2261 1159 2325 i.
1184 2281 1212 2326 0.
1243 2264 1374 2337 meliore

205 2369 381 2450 exemplari
411 2370 559 2433 mendose
584 2368 709 2447 quidem
737 2368 931 2449 descriptum
960 2388 1039 2448 0000,
1065 2371 1103 2433 00
1132 2388 1264 2448 eamque
1301 2391 1373 2436 oau-

205 2498 274 2542 sam
293 2477 411 2558 optimo
428 2477 496 2540 iure
512 2476 615 2541 virum
632 2476 759 2539 doctum
775 2477 807 2539 in
823 2477 1019 2540 recensenda
1036 2477 1175 2556 epitoma
1192 2477 1221 2541 ei
1237 2478 1374 2558 prImum

205 2585 309 2651 locum
333 2583 516 2665 assignasse
539 2601 728 2663 persuasum
751 2583 864 2647 habeo.

293 2690 456 2756 Absoluta
486 2693 579 2772 parte
610 2709 754 2769 eaquae
783 2693 832 2754 est
856 2691 894 2754 de
919 2690 1077 2756 codicibus
1100 2691 1281 2756 iamdudum
1304 2693 1373 2779 vul-

204 2799 289 2882 gatis
324 2817 408 2862 nunc
442 2799 580 2862 animum
606 2800 828 2862 convertamus
863 2798 904 2862 ad
928 2816 1026 2863 novos
1051 2798 1185 2879 codices,
1222 2799 1375 2880 quisunt

204 2906 318 2989 fragm.
353 2906 599 2972 Vindobonense
639 2908 672 2968 ct
706 2905 787 2970 liber
827 2905 1083 2971 Sclestadiensis.
1145 2905 1198 2970 Ac
1237 2908 1375 2987 primum

204 3015 329 3093 quidem
364 3014 512 3093 quoniam
548 3012 623 3075 solis
658 3012 706 3075 liis
742 3014 862 3078 dnobus
898 3015 1036 3076 traditur
1071 3032 1185 3078 nomen
1219 3017 1372 3097 auctoris,

202 3121 339 3185 interest
374 3119 554 3198 enucleare,
591 3137 672 3198 quac
706 3121 789 3183 ratio
817 3120 999 3184 intercedat
1027 3119 1373 3202 interf1·agm.Vind.

203 3232 237 3292 et
259 3231 403 3292 nostrum
426 3245 451 3291 0.
1131 3302 1136 3312 ¹

291 3335 450 3401 Convenit
484 3337 600 3415 autem,
637 3334 683 3398 uti
719 3353 816 3416 supra
850 3336 969 3400 dictum
1004 3338 1054 3399 cst
1088 3335 1173 3399 inter
1200 3339 1373 3416 utrumque

202 3441 326 3523 titulus,
351 3441 405 3522 qui
428 3441 561 3522 legitur:

291 3551 339 3614 M.
368 3549 441 3614 Ceti
455 3549 641 3634 Faventini
676 3550 756 3614 artis
791 3549 1072 3615 architectionicae
1100 3550 1235 3633 privatis
1262 3551 1374 3618 usibus

203 3658 409 3724 adbreviatus
432 3657 523 3722 liber.

270 3765 405 3845 ·Neque
432 3783 509 3830 vero
540 3766 641 3830 solum
669 3765 701 3830 in
729 3769 858 3831 servato
887 3765 1027 3831 auctoris
1051 3766 1175 3831 nomine
1199 3765 1378 3832 abhorrent

202 3892 222 3936 a
245 3872 361 3936 ceteris
391 3873 550 3938 codicibus
574 3871 613 3936 fr.
639 3878 672 3936 ct
695 3892 720 3952 0,
746 3874 801 3936 sed
826 3873 923 3937 ctiam
947 3873 979 3936 in
1003 3874 1199 3955 disponenda
1222 3874 1375 3951 materia;

202 3996 273 4043 cum
296 3979 379 4043 enim
402 3980 435 4043 in
457 3998 545 4060 vpg
564 3980 660 4042 index
677 3980 888 4059 capitulorum
903 3981 1078 4060 praecedat
1094 3981 1270 4063 prologum,
1288 3980 1376 4047 idem

199 4086 233 4150 in
256 4085 295 4151 fr.
321 4090 393 4150 ets
418 4087 620 4168 postponitur
647 4086 789 4168 prologo.
836 4088 888 4150 Ex
916 4088 1014 4152 variis
1039 4088 1374 4171 0000010001001000,

201 4211 280 4273 quas
309 4213 406 4277 supra
434 4194 603 4274 composui,
630 4198 765 4274 apparet
788 4194 903 4257 iterum
927 4194 1041 4278 tragus.
1066 4196 1161 4261 Vind.
1186 4195 1375 4276 plerumque

200 4300 308 4367 faeere
337 4320 408 4366 cum
439 4302 507 4366 cod.
532 4320 556 4380 0,
582 4301 1069 4383 0000001000(1100000000110,
1095 4321 1175 4383 quae
1200 4307 1375 4368 occurrunt

199 4410 233 4476 in
267 4410 370 4475 indice
407 4408 628 4492 capitulorum,
664 4408 749 4473 haud
783 4409 831 4474 ita
864 4410 998 4475 multum
1032 4411 1207 4495 tribuerim,
1238 4411 1312 4495 quia
1339 4411 1375 4480 in
