2924 4860
617 347 835 406 ..40-

139 524 229 588 modo
266 523 414 604 probavit
444 522 612 587 Palladius
648 520 806 585 scribens:
835 539 914 601 „per
950 539 1082 599 quarum
1117 523 1311 585 structuram

140 630 339 711 perveniat‘.
388 630 480 714 Quod
504 629 531 693 si
554 629 601 693 ita
630 631 888 708 esse'putamus,
918 647 975 708 per
1014 628 1084 705 „et“
1122 625 1313 707 particulam

139 739 340 803 adnectenda
364 742 439 801 sunt
463 757 501 801 ea
523 735 745 818 epitomatoris
761 737 861 799 verba
885 736 925 798 ad
950 733 1184 811 antecedentia,
1209 734 1257 798 ita
1281 739 1314 797 ut

141 843 240 909 totius
263 845 444 910 sententiae
470 842 679 909 conformatio
696 843 776 906 haec
800 840 868 906 fere
892 840 1003 906 fuerit:
1030 840 1099 922 „nt
1124 839 1182 922 (sio
1205 841 1313 922 legen-

140 954 213 1016 dum
241 971 382 1034 propono
406 971 463 1033 pro
495 952 606 1030 „natir‘
634 951 806 1028 eodemque
836 948 1115 1031 1001029115)οἰ
1143 947 1316 1012 intervalla

140 1058 291 1123 montium
320 1058 438 1124 fuerint
465 1063 574 1131 <aut
588 1077 671 1136 aqua
688 1056 943 1120 circumducatur
959 1061 1056 1131 aut>
1083 1057 1124 1120 ad
1146 1054 1314 1119 libramen-

141 1171 208 1230 tum
232 1165 346 1246 capitis
370 1185 472 1245 aquae
496 1184 611 1247 specus
635 1167 693 1229 sub
718 1169 807 1229 terra
831 1162 910 1228 fiant
934 1169 967 1228 et
996 1167 1161 1228 structura
1185 1167 1244 1226 aut
1268 1181 1315 1225 ro-

140 1271 244 1336 boreis
268 1272 432 1338 curialibus
457 1292 560 1352 aquae
585 1272 700 1336 ductus
725 1270 967 1352 coniponatui·“.

233 1379 320 1444 Huic
360 1380 541 1444 sententiae
580 1383 656 1460 apte
695 1377 932 1458 subiunguntur
971 1379 1083 1441 verive:
1139 1376 1254 1461 „Quod
1292 1375 1318 1439 si

144 1505 303 1551 concavae
328 1486 460 1552 vallium
488 1485 695 1551 demissiones
720 1484 895 1565 impedient
923 1483 1009 1566 (scih
1051 1483 1217 1563 quominus
1246 1501 1316 1548 con-

141 1592 229 1659 tinuo
266 1614 349 1672 arina
379 1596 437 1659 sub
469 1599 557 1658 terra
580 1589 733 1674 (lucatur)
762 1595 925 1655 structura
957 1590 1058 1656 solida
1088 1591 1139 1654 vel
1169 1589 1318 1655 arcuatili

141 1702 181 1764 ad
204 1700 429 1765 libramentum
453 1720 555 1780 aqivae
580 1700 807 1777 obcun·atur“,
849 1717 930 1777 quac
953 1716 1029 1762 vero
1054 1702 1232 1777 sequuntur
1255 1715 1317 1760 non

143 1813 323 1889 congruunt
340 1828 410 1872 cuin
426 1806 565 1872 Palladii
590 1807 749 1880 doctrinm
782 1804 916 1887 legimns
933 1803 1015 1870 enini
1040 1806 1072 1869 in
1088 1804 1205 1869 nostris
1227 1804 1318 1869 codd.

142 1921 220 1996 „aut
249 1914 364 1979 fistulis
393 1914 549 1996 plumbeis
579 1919 636 1978 aut
660 1913 825 1977 curialibus
849 1911 950 1977 librae
985 1931 1096 1977 cursus
1125 1911 1317 1993 dirigatur“‚

142 2022 255 2101 quibus
290 2021 396 2086 verbis
432 2021 627 2112 respondent
656 2019 862 2085 Palladiana:
896 2025 973 2099 „aut
1008 2018 1164 2101 plumbeis
1202 2017 1318 2082 fistulis

143 2130 284 2194 clausam
307 2129 390 2194 deici
413 2129 572 2210 patiemur
593 2132 626 2192 et
650 2127 813 2209 explicata
847 2127 933 2192 valle
957 2129 1177 2208 consurgere.“
1228 2124 1319 2189 Nihil

144 2237 183 2300 de
206 2236 256 2301 his
280 2237 364 2317 apud
387 2234 692 2315 Faventinuni‚11isi
715 2237 798 2315 quod
823 2233 925 2300 obiter
953 2238 1240 2299 commemorantur
1267 2232 1319 2296 fis-

145 2341 233 2408 tulae
249 2343 427 2424 plumbeae.
467 2342 530 2408 Sed
554 2360 625 2406 cum
641 2343 752 2407 eadem
776 2346 961 2424 praecepta,
979 2361 1061 2421 quae
1082 2346 1157 2406 sunt
1168 2339 1319 2418 Palladii,

147 2450 243 2514 etiarn
304 2451 388 2531 apud
442 2447 625 2514 Vitruvium
686 2455 838 2515 occurant
897 2449 983 2531 (208,
1012 2457 1051 2513 15
1112 2445 1173 2528 sq),
1234 2446 1321 2512 redit

147 2557 297 2638 suspicio,
344 2563 381 2621 ut
426 2574 466 2619 ne
521 2556 713 2620 credendum
759 2556 802 2620 sit
851 2555 1004 2621 librorum
1050 2556 1121 2620 mss,
1156 2553 1229 2619 fidei
1259 2553 1321 2620 hoc

146 2665 226 2729 loco.
288 2663 460 2730 Videamus
503 2662 610 2745 igetur
656 2680 716 2741 quo
755 2664 845 2727 modo
893 2661 935 2727 sit
982 2663 1230 2727 succurrendum
1254 2667 1320 2762 tra-

148 2771 235 2836 ditae
274 2769 414 2835 lectioni.
468 2769 610 2834 Primum
640 2770 667 2834 si
696 2770 840 2852 legemus
886 2771 971 2851 apud
1003 2769 1199 2834 Palladium:
1249 2768 1321 2849 „fis-

149 2879 225 2944 tulis
270 2877 426 2961 plumbeis
480 2877 647 2942 clausam“
693 2877 954 2943 ratiocinabimur
1009 2877 1098 2942 illum
1155 2880 1322 2942 auctorem

150 3004 309 3068 opponere
374 3003 485 3050 vocem
551 2985 728 3062 „clausam“
794 2985 975 3050 contrariae
1043 2983 1136 3049 alicui
1200 2983 1323 3048 notioni

150 3112 242 3173 quam
273 3093 305 3155 in
328 3092 509 3157 Faventino
538 3092 674 3168 invenit;
715 3112 785 3157 eam
813 3098 921 3157 autem
943 3092 1103 3156 notionem
1131 3091 1322 3156 delitescere

149 3201 182 3266 in
218 3200 272 3264 illo
311 3198 450 3280 „librae“
484 3199 637 3279 codicum,
663 3220 703 3264 en
732 3219 792 3280 quo
822 3200 1050 3264 enucleandum
1079 3204 1130 3262 est
1167 3198 1318 3279 „libere‚“

149 3308 330 3372 iamdudum
363 3306 444 3371 vidit
467 3306 594 3387 Rosius,
625 3326 699 3372 nam
727 3307 892 3373 canalibus
920 3325 955 3371 re
984 3325 1062 3371 vera
1097 3306 1198 3371 libero
1228 3325 1323 3372 cursu

150 3414 276 3479 ducitur
303 3433 396 3493 aqua.
443 3414 537 3478 Haec
565 3433 641 3479 vero
677 3415 783 3480 ductio
813 3433 967 3493 aquarum
995 3413 1178 3492 usuvenit,
1203 3413 1322 3478 ubiad

150 3522 376 3586 libramentum
404 3539 507 3601 aquae
531 3521 650 3586 vallem
678 3521 859 3602 expleveris
884 3526 1047 3584 structura
1071 3519 1172 3584 solida
1195 3520 1248 3584 vel
1272 3539 1322 3585 ar-

151 3628 273 3709 cuatili,
310 3633 343 3693 et
383 3627 542 3693 trahenda
577 3634 651 3693 sunt
686 3631 800 3694 verba:
853 3627 1034 3705 „canalibus
1076 3627 1176 3691 libere
1212 3645 1323 3692 cursus

151 3735 329 3818 dirigatur“
356 3737 397 3801 ad
426 3755 465 3800 ea
488 3754 570 3815 quae
594 3738 806 3818 praecedunt:
833 3740 1018 3816 „structura
1043 3773 1082 3778 —
1115 3734 1323 3799 occurratur“

152 3841 334 3924 Opponitur
369 3848 476 3907 autem
509 3842 582 3907 huic
610 3844 721 3924 generi
750 3843 966 3923 aquaeductus
991 3841 1077 3906 alind
1101 3843 1182 3921 quod
1206 3839 1243 3905 fit
1266 3861 1325 3923 per

151 3949 277 4015 fistulas
305 3950 400 4031 plane
429 3948 495 4014 alia
522 3949 659 4029 ratione,
688 3955 724 4013 ut
758 3954 808 4014 est
831 3950 915 4030 apud
939 3947 1121 4014 Vitruvium
1151 3948 1237 4030 (208,
1255 3947 1323 4032 lli:

156 4057 225 4137 „sin
254 4064 362 4120 autem
397 4055 499 4120 valles
529 4059 625 4119 erunt
655 4061 841 4138 perpetuae,
878 4056 910 4119 in
933 4055 1092 4120 declinato
1120 4055 1188 4120 loco
1212 4074 1325 4121 cursus

152 4163 341 4244 dirigentur.
393 4161 472 4226 Cum
505 4162 632 4226 venerit
664 4164 705 4227 ad
728 4162 833 4238 imum,
864 4181 927 4226 non
956 4162 1022 4227 alte
1047 4161 1253 4241 substruitur,
1289 4169 1326 4229 ut

152 4269 195 4334 sit
229 4269 454 4333 lilnamentmn
489 4287 583 4348 quam
619 4269 847 4352 longissimum.
871 4271 931 4334 hoc
966 4274 1073 4333 aulem
1108 4267 1171 4333 erit
1209 4275 1327 4335 venter

153 4377 235 4457 quod
259 4375 378 4442 Graeci
418 4375 585 4457 appellant
608 4375 724 4442 auriam.
749 4377 862 4443 deiude
898 4396 967 4442 cum
1006 4374 1132 4440 venerit
1170 4376 1325 4442 adversus
