2924 4860
598 314 843 411 v-ca—

148 524 419 608 interpolatorem,
453 521 513 591 nec
543 545 606 591 non
637 524 771 591 molesta
800 528 850 589 est
884 543 921 592 ea
953 522 1181 589 sententiarum
1207 521 1318 587 cohae-

149 634 265 714 rentia,
296 653 358 715 qua
382 634 523 717 cogimur
546 653 658 698 nomen
683 631 858 705 subiectum
882 643 1030 714 repetere
1053 631 1125 695 hnic
1149 628 1318 695 enunciato

150 761 189 806 ex
214 741 321 806 uerbis
347 740 399 821 „in
425 740 536 805 urbe“.
577 742 744 805 Postremo
769 739 795 803 si
819 739 1006 821 respicimus
1030 738 1060 802 in
1086 736 1230 818 sequenti
1248 755 1316 802 sen·

149 849 269 913 tentia:
297 847 473 939 „latericiis
497 866 573 928 ergo
597 844 794 929 parietibus“
820 851 878 914 cet.
905 845 1020 912 iterum
1050 863 1216 911 occurrere
1244 863 1334 925 par·

148 955 278 1020 ticulum
307 955 426 1036 „ergo“
451 974 513 1018 rron
537 953 750 1020 dubitabimus
774 953 837 1018 ista
855 957 954 1019 rerba
976 951 1147 1035 glossatori
1164 950 1315 1016 tribuere.

238 1061 346 1146 Quare
381 1081 449 1125 cum
481 1061 645 1126 rideamus
674 1061 813 1125 codicem
841 1079 856 1124 s
885 1079 953 1124 cum
982 1059 1098 1124 ceteris
1122 1058 1226 1122 facere
1255 1075 1317 1121 non

149 1170 250 1234 solum
285 1169 315 1233 in
353 1168 517 1233 tradendis
552 1167 710 1232 norruullis
733 1159 824 1232 falsis
852 1173 885 1232 et
908 1166 1094 1249 deprauatis
1117 1164 1315 1243 lectionibus,

147 1277 202 1340 sed
238 1276 333 1341 etiam
370 1277 401 1339 in
436 1275 623 1340 exhibendis
659 1275 845 1355 quibusdam
881 1273 1005 1358 glossis,
1035 1273 1119 1338 haud
1149 1272 1316 1337 abnuenda

147 1381 275 1449 ridetur
298 1383 391 1462 ratio,
417 1384 456 1446 ad
476 1401 570 1446 rrnum
587 1385 782 1462 eundemque
799 1383 1007 1464 archetypum
1025 1381 1175 1445 recedere
1194 1377 1316 1443 codices

148 1509 254 1554 omnes
278 1489 450 1554 Ferentini
475 1489 529 1570 qui
552 1491 655 1554 adhuc
679 1494 754 1554 sunt
777 1488 894 1571 publici
918 1488 995 1553 iuris
1019 1486 1106 1552 facti.
1319 1490 1321 1494 ’

236 1597 287 1661 De
316 1586 498 1661 condicione
526 1596 659 1660 nuncsi
684 1595 865 1677 qrraerimas
889 1594 1066 1677 archetypi,
1091 1593 1225 1676 priunum
1250 1586 1314 1656 sta·

147 1704 297 1769 tuendum
323 1707 381 1782 est,
413 1702 443 1767 in
468 1722 505 1767 eo
532 1704 669 1767 nondum
695 1703 858 1767 exstitisse
883 1721 938 1766 eas
961 1702 1102 1782 lacunas,
1128 1720 1208 1780 quiae
1233 1717 1316 1764 nuuc

146 1810 355 1876 inueniuntur
377 1809 410 1873 in
434 1829 530 1891 uper,
559 1809 591 1872 id
620 1811 846 1890 qued-probat
874 1810 941 1872 cod.
967 1827 982 1873 s
1010 1807 1136 1890 propius
1161 1807 1315 1870 accedens

146 1919 187 1982 ad
211 1916 377 1998 archetypi
401 1916 638 1997 integritatem
665 1935 721 1980 eae
746 1916 851 1997 plotius
875 1917 1075 1997 corrupte'ae
1096 1913 1216 1978 crimini
1238 1914 1313 1976 darr-

146 2026 206 2088 dae
241 2029 315 2088 sunt
350 2022 490 2088 incuriae
527 2023 595 2087 eius
626 2023 762 2104 librarii,
795 2023 847 2103 qui
872 2023 1008 2088 confecit
1034 2022 1159 2101 librum,
1185 2041 1224 2084 ex
1252 2038 1314 2098 quo

148 2131 334 2214 prodierunt
361 2151 463 2212 rpg,
492 2130 538 2194 ita
571 2136 607 2195 ut
635 2151 697 2195 nou
721 2131 782 2195 iam
812 2131 855 2195 sit
883 2149 938 2194 cur
966 2129 1114 2195 miremur
1138 2127 1274 2193 codicem
1299 2147 1313 2190 s

146 2241 225 2303 adeo
250 2238 431 2320 discrepare
455 2257 474 2301 a
498 2237 627 2318 reliquis
644 2238 732 2302 libris
749 2239 891 2304 omuibus
915 2237 1136 2304 recedentibus
1152 2235 1192 2300 ad
1209 2253 1312 2299 exem·

145 2347 216 2428 plur
239 2345 333 2411 valde
356 2346 575 2425 depravatum.
695 2340 698 2345 ’

235 2454 411 2517 Praeterea
435 2471 620 2532 persuasum
654 2454 754 2518 habeo
783 2452 936 2518 defecisse
965 2452 997 2517 in
1021 2450 1174 2517 communi
1204 2450 1312 2513 arche-

147 2566 225 2642 typo
261 2579 329 2641 cap.
354 2560 391 2624 X
427 2560 509 2639 quod
545 2564 593 2623 est
629 2561 667 2623 de
703 2560 856 2638 lateribus
891 2559 1058 2633 faciendis
1096 2558 1127 2622 id
1158 2563 1263 2620 autem
1293 2575 1313 2618 a

146 2666 285 2732 librariis
319 2665 416 2730 aliter
450 2666 633 2730 restitutum
670 2687 739 2730 esse
774 2667 805 2731 in
841 2668 908 2731 cod.
938 2685 984 2746 eo,
1016 2686 1055 2730 ex
1085 2685 1145 2746 quio
1174 2660 1311 2726 derivati

145 2777 220 2838 sunt
243 2792 340 2854 rpg,
365 2772 461 2836 aliter
484 2773 516 2837 in
540 2792 591 2853 eo,
617 2793 656 2837 ex
682 2793 751 2854 qno.
766 2773 858 2838 fluxit
872 2772 895 2837 's
920 2792 1017 2854 supra
1041 2769 1266 2837 demonstrari.

235 2879 381 2960 Denique
409 2881 521 2945 deerat
548 2880 580 2944 in
608 2881 783 2962 archetypo
814 2885 911 2962 caput
933 2881 1044 2945 XXX
1075 2880 1113 2942 de
1137 2875 1242 2941 maltis
1266 2875 1311 2939 di-

144 2988 260 3067 rersis,
292 2988 374 3066 qnod
403 2991 567 3051 testantur
594 2989 661 3051 cod.
686 3007 701 3052 s
729 2996 762 3051 et
785 2986 898 3069 fragm.
923 2987 1061 3060 Vindob;
1090 2985 1231 3050 additum
1262 2989 1311 3046 est

145 3114 221 3177 ergo
257 3094 433 3175 posteriore
465 3100 575 3158 aetate
610 3094 641 3158 in
672 3095 777 3159 codice
807 3115 852 3173 eo,
882 3114 922 3158 cx
946 3114 1007 3174 quo
1031 3093 1190 3158 fluxerunt
1213 3111 1309 3172 rpg,

143 3221 247 3282 neque
273 3220 356 3280 uero,
381 3208 418 3266 ut
442 3200 578 3276 ridetur,
603 3204 643 3267 ab
668 3204 776 3267 eodem
801 3202 854 3284 qui
878 3199 1059 3284 compilavit
1078 3200 1110 3264 in
1126 3201 1187 3264 isto
1205 3199 1310 3263 codiee

144 3314 242 3391 eaput
265 3310 316 3385 X;
342 3310 421 3373 adeo
451 3309 577 3374 diuersa
602 3315 653 3373 est
675 3310 820 3375 latinitas
843 3310 935 3375 huius
958 3313 1055 3390 atque
1079 3308 1161 3373 illius
1185 3305 1309 3388 capitis.

143 3417 312 3480 Postremo
343 3415 369 3479 si
398 3415 558 3480 addideris
589 3416 676 3496 illud,
707 3418 789 3497 quod
817 3417 884 3499 ipse
913 3418 1116 3498 archetypus,
1143 3415 1190 3479 uti
1215 3420 1311 3478 antea

144 3522 294 3602 vidimus,
331 3541 426 3602 passa
462 3529 512 3587 est
546 3542 671 3588 ruarrum
702 3525 977 3602 interpolatoriam
1003 3523 1052 3588 rel
1077 3521 1309 3604 glossatoriam,

144 3630 184 3694 ad
215 3628 306 3693 linem
337 3630 485 3710 peruenit
513 3631 656 3710 quaestio
685 3633 724 3695 de
753 3636 841 3696 statu
869 3650 907 3695 ac
931 3630 1113 3714 condicione
1137 3628 1204 3693 eius
1226 3628 1309 3704 libri,

144 3756 184 3800 ex
210 3755 271 3816 quo
295 3736 483 3817 prodierunt
506 3739 605 3801 nostri
631 3737 753 3802 codices
776 3758 893 3802 omnes,

232 3843 312 3907 Eius
341 3848 447 3907 autem
476 3845 643 3926 archetypi
671 3845 824 3910 lectiones
849 3830 994 3926 quoniam
1019 3844 1136 3909 maiore
1160 3843 1220 3907 fide
1244 3862 1308 3906 ser-

143 3951 235 4015 varit
259 3952 325 4014 cod.
351 3971 375 4031 s,
405 3950 500 4015 ualde
528 3950 695 4015 dolendum
724 3957 774 4016 est
801 3971 863 4016 non
891 3956 991 4017 totum
1016 3951 1229 4016 Ferentinum
1256 3969 1308 4014 ex-

143 4057 244 4121 hiberi
268 4058 321 4121 illo
346 4057 462 4122 codice.
509 4059 576 4123 Sed
596 4059 743 4137 quoniam
767 4058 799 4122 id
828 4061 911 4142 quod
934 4059 1085 4141 proposui
1113 4057 1245 4137 absolui,
1266 4049 1310 4120 'ut

143 4164 250 4246 priora
272 4165 366 4228 Xlll
390 4164 498 4245 capita
521 4183 580 4245 ope
604 4167 677 4229 nori
702 4166 817 4230 codicis
842 4166 1010 4232 emendata
1032 4166 1065 4229 in
1085 4165 1221 4229 medium
1238 4183 1308 4244 pro-

143 4270 270 4351 ferrem,
307 4271 370 4335 alia
405 4290 486 4351 quae
514 4271 677 4352 pertinent
704 4273 744 4336 ad
769 4274 964 4339 recensenda
987 4273 1111 4355 reliqua
1134 4257 1309 4338 Ferentini

143 4378 251 4462 capita
275 4378 307 4441 in
330 4378 416 4444 aliud
438 4384 564 4464 tempus
588 4376 708 4447 differo.
