2924 4860
262 1216 578 1339 *subruuntur
608 1216 1005 1302 corrneruasau.

585 1385 691 1395 —

149 1497 174 1552 1.
199 1488 368 1554 Vitruvius
390 1507 471 1571 pag.
499 1497 571 1571 189,
590 1498 627 1555 12
653 1490 715 1572 (erl.
741 1486 838 1571 Rosa)
863 1488 1009 1570 scripsit:
1034 1506 1091 1553 aer
1114 1493 1223 1554 antem

55 1615 123 1660 curn
141 1595 243 1662 asela
262 1600 394 1671 <est>
415 1597 650 1677 percalefactus
668 1598 781 1678 quibus
805 1595 887 1678 (curn
912 1595 1015 1676 codd.)
1047 1595 1225 1661 rationibus

55 1702 139 1767 tellit
164 1705 315 1767 exterra
339 1722 475 1784 umoreS,
500 1703 576 1768 licet
600 1724 640 1769 ex
665 1703 797 1769 balineis
822 1705 999 1785 exemplum
1024 1722 1149 1785 capere.

147 1817 176 1873 2.
202 1803 354 1874 Eiusdem
385 1810 526 1876 auctoris
558 1813 666 1893 verba,
704 1829 785 1891 quac
820 1811 972 1893 leguntur
1004 1829 1077 1892 pag.
1104 1819 1177 1890 200,
1194 1819 1224 1890 8,

56 1916 100 1980 sic
124 1916 275 1981 restituo:
302 1954 341 1959 —-
367 1922 400 1980 at
424 1917 470 1982 ita
494 1937 563 1983 cunr
589 1918 620 1982 in
645 1937 759 2000 corpus
783 1917 934 1997 inierunt,
958 1916 1116 1998 dissipant
1144 1937 1226 1996 qrrac

57 2044 97 2089 ex
122 2043 276 2105 aquarum
304 2025 567 2106 <potionibus>
595 2026 795 2092 subsidentia
819 2032 852 2090 et
876 2025 1112 2090 concrescentia
1130 2024 1226 2090 offen·

58 2131 183 2197 (icrunt.
1227 2127 1230 2131 ’

150 2247 179 2302 3.
216 2237 248 2320 a)
272 2238 369 2320 Suph.
395 2240 446 2305 El.
472 2259 501 2303 v.
528 2247 591 2304 278
616 2240 662 2306 ita
685 2240 839 2321 legendus
863 2245 927 2305 est:

274 2345 360 2431 ὁρῶς’
387 2344 496 2428 ἐκείνην
520 2346 640 2431 ἡμέραν,
667 2345 696 2407 ἐν
720 2344 739 2427 νῇ
764 2348 828 2407 τότε

274 2453 382 2537 πατέρα
409 2452 453 2513 τὸν
479 2452 550 2534 ἀμὸν
579 2450 610 2513 ἐκ
635 2451 719 2514 δόλον
742 2454 914 2515 κατέκτανεν

216 2557 249 2643 b)
273 2579 303 2626 v.
330 2569 407 2626 606:

274 2666 354 2728 τοῦδε
378 2668 403 2749 γ’
429 2665 530 2729 οὔνεκα

275 2775 400 2859 κήρυσσέ
425 2771 449 2856 μ’
476 2776 519 2846 εἰς
543 2777 684 2856 ἅπαντας,
710 2775 766 2836 εἴτε
790 2775 849 2859 φῇς
871 2773 962 2857 κακὴν

276 2882 331 2942 εἴτε
355 2883 512 2967 στόμαργον
536 2882 586 2942 εἶτ’
612 2879 759 2952 ἀναιῧεὲας
782 2881 888 2946 ulica*

150 2994 179 3052 l.
206 2990 314 3054 Plaut.
339 2989 413 3055 Cas.
441 2998 504 3054 786
532 2990 616 3054 hanc
644 2989 810 3055 lectionem
840 3005 996 3071 propono:
1026 2987 1170 3055 Tandem
1195 2996 1232 3055 nt

60 3095 223 3163 verianus
246 3097 333 3161 illuc.

151 3211 181 3270 5.
204 3203 402 3287 Panegyrici
425 3203 458 3268 in
481 3204 657 3271 Messalam
683 3203 829 3270 Tibullus
855 3209 969 3269 auctor
991 3186 1054 3270 non
1078 3208 1137 3270 est.
