2924 4860
193 1260 230 1346 Si
253 1282 322 1362 quis
354 1282 486 1346 accedet
517 1282 557 1346 ad
587 1280 800 1345 recensendos
824 1274 966 1347 Vitruvii
989 1281 1028 1344 de
1052 1278 1271 1345 architectura

103 1389 200 1453 libros
224 1391 269 1467 X,
298 1388 406 1453 facere
441 1408 504 1452 non
527 1387 659 1469 poterit,
685 1386 760 1466 quin
783 1387 890 1451 multis
915 1387 992 1450 locis
1022 1386 1177 1468 respiciat
1204 1386 1270 1468 epi·

103 1501 220 1559 tomam
244 1495 353 1574 istam,
378 1514 459 1574 oriae
494 1498 625 1576 praeter
659 1494 762 1575 ipsum
785 1493 927 1559 Vitruvii
955 1512 1033 1575 opus
1062 1495 1102 1557 ad
1129 1496 1272 1557 nostram

104 1605 245 1666 aetatem
280 1602 441 1683 pervenit,
477 1601 571 1680 idque
595 1601 694 1664 multo
723 1600 826 1682 magis
856 1599 1036 1664 faciendum
1059 1599 1199 1679 videtur,
1231 1620 1271 1665 ex

104 1727 164 1788 quo
195 1713 322 1772 constat
352 1708 431 1771 illud
463 1709 501 1771 de
530 1726 590 1786 quo
621 1707 744 1786 agimus
781 1706 998 1788 compendium
1034 1706 1272 1771 architecturae

104 1833 167 1878 non
190 1814 300 1879 deberi
320 1814 470 1895 scriptori
494 1813 632 1894 cuipiam
647 1813 744 1877 medii
767 1813 848 1891 aevi,
874 1814 929 1877 sed
946 1813 1013 1877 eius
1038 1813 1156 1877 aetatis
1192 1831 1273 1893 quac

104 1921 235 2002 propius
264 1920 389 1985 accedit
413 1920 453 1984 ad
481 1920 582 2002 ipsius
606 1920 748 1986 Vitruvii
772 1925 926 2001 tempora.
973 1921 1058 1984 Nam
1082 1939 1152 1984 cum
1176 1923 1274 1984 antea

104 2047 222 2109 magna
256 2027 411 2092 dissensio
443 2031 529 2092 esset
566 2027 651 2090 inter
681 2027 766 2091 uiros
802 2029 911 2091 doctos
946 2028 985 2091 de
1016 2030 1147 2091 auctore
1182 2026 1274 2091 istius

105 2134 273 2214 epitomae,
303 2153 395 2213 quem
420 2133 549 2215 plurimi
571 2134 742 2197 voluerunt
766 2153 835 2197 esse
854 2134 990 2197 Paulum
1006 2133 1194 2211 Diaconum,
1220 2132 1276 2196 alii

105 2241 296 2319 Palladium,
322 2240 377 2303 alii
402 2240 568 2318 Isidorum,
592 2240 647 2303 alii
664 2240 863 2321 Eutropium,
881 2238 1064 2304 felicissimo
1082 2258 1158 2304 casu
1174 2258 1277 2321 nuper

106 2347 232 2425 accidit,
259 2351 294 2410 ut
310 2367 424 2411 nomen
448 2346 623 2417 auctorise
648 2346 790 2411 tenebris
813 2351 1002 2428 emergeret.
1050 2345 1152 2412 Omne
1176 2346 1276 2428 igitur

107 2457 270 2518 certamen
300 2453 459 2518 sublatum
494 2451 557 2531 est,
595 2471 665 2516 cum
697 2471 779 2517 anno
813 2461 893 2518 1871
933 2455 972 2517 ab
1008 2454 1035 2517 Ι.
1067 2453 1214 2535 Hauptio
1243 2453 1277 2517 in

106 2559 301 2624 bibliotheca
328 2560 357 2626 V
359 2560 567 2625 indobonensi
602 2563 766 2640 repertum
796 2565 846 2623 est
877 2558 1092 2641 fragmentum
1122 2561 1277 2640 quoddam

107 2672 236 2731 nostrae
266 2667 424 2748 epitomae
455 2665 585 2730 infolio
610 2668 864 2744 membranaceo,
890 2668 972 2745 quod
995 2667 1144 2748 praebuit
1169 2669 1276 2731 aucto-

107 2791 174 2836 rem
201 2773 249 2836 M.
274 2773 399 2837 Oetium
423 2772 652 2850 Ferentinum,
682 2791 796 2836 nomen
825 2773 928 2836 adhuc
955 2773 1011 2837 vix
1035 2773 1190 2853 auditum,
1215 2772 1278 2838 nisi

108 2881 190 2959 quod
206 2899 226 2943 a
241 2879 449 2961 Reginberto,
473 2879 526 2958 qui
541 2899 625 2943 saec.
639 2879 694 2942 IX
710 2877 848 2943 confecit
865 2879 1047 2961 catalogum
1063 2879 1277 2944 bibliothecae

107 2986 293 3050 monasterii
306 2987 353 3052 St.
368 2986 467 3065 Galli,
493 2989 778 3050 commemorantur
805 2986 896 3066 „hori
913 2987 973 3049 duo
998 2988 1036 3051 de
1058 2987 1278 3051 architectura

108 3092 301 3157 Ferentini‘
340 3091 394 3174 (cf.
430 3093 596 3173 Neugartz
642 3091 858 3173 Episcopatus
893 3092 1150 3157 Constantiensis
1192 3094 1230 3157 P.
1260 3093 1277 3156 Ι

108 3219 183 3281 pag.
199 3199 285 3282 547),
311 3218 391 3279 quae
408 3201 508 3264 rerba
532 3198 647 3263 citavit
658 3198 698 3263 V.
712 3199 829 3263 Rosius
853 3199 886 3262 in
909 3199 1048 3264 editione
1065 3218 1123 3263 sua
1135 3199 1278 3266 Vitruvii

108 3304 229 3387 optima
256 3305 400 3389 (Lipsiae
426 3305 524 3388 1867)
547 3325 621 3387 pag.
640 3305 689 3371 lV
713 3307 785 3369 adn.
812 3314 840 3370 5.
899 3306 969 3370 Iam
993 3326 1083 3371 nemo
1108 3306 1277 3385 dubitabit,

109 3412 184 3492 quin
210 3412 265 3477 ille
299 3413 499 3478 Faventinus
528 3411 570 3476 sit
604 3412 688 3476 idem
718 3412 772 3491 qui
802 3411 940 3477 confecit
971 3413 1154 3494 epitomam;
1196 3415 1278 3493 quod

32 3584 35 3589 4
109 3519 192 3583 enim
226 3520 441 3586 memorantur
468 3519 547 3600 „duo
567 3518 670 3598 libri‚“
703 3519 735 3583 id
758 3519 806 3583 ita
830 3522 880 3583 est
904 3520 1131 3600 accipiendum,
1157 3523 1193 3583 ut
1216 3521 1277 3583 duo

108 3626 306 3706 exemplaria
319 3626 458 3690 eiusdem
471 3625 545 3690 libri
557 3624 677 3689 t‘uerint
688 3625 722 3689 in
734 3624 929 3691 bibliotheca
941 3623 995 3709 (cf.
1007 3627 1103 3706 Nohl,
1111 3627 1231 3692 Oomm.
1244 3626 1278 3691 in

108 3733 181 3796 hon.
190 3731 341 3812 ‚Momms
356 3752 428 3814 pag.
445 3782 451 3796 .
467 3731 499 3816 .).
516 3732 595 3814 Egit
608 3736 715 3796 autem
728 3733 767 3796 de
779 3732 834 3795 illo
847 3730 1027 3814 fragmento
1040 3733 1280 3800 Vindobonensi

109 3839 137 3902 Ι.
161 3839 326 3920 Hauptius
362 3839 394 3902 in
417 3838 513 3903 Actis
537 3839 641 3903 Acad.
666 3839 803 3905 Vindob.
831 3847 912 3904 1871
950 3859 990 3903 m.
1016 3838 1089 3905 Oct.
1125 3860 1200 3923 pag.
1226 3850 1277 3922 31,
1305 3923 1309 3928 ⁴

108 3945 163 4011 ubi
186 3948 353 4010 asseverat
376 3945 431 4010 ille
467 3946 517 4010 vir
551 3946 663 4010 doctus
688 3948 857 4010 exaratum
882 3965 953 4010 esse
977 3945 1086 4011 folium
1114 3967 1199 4012 saec.
1224 3948 1279 4013 IX

39 4069 74 4089 ff
108 4052 161 4117 rel
196 4057 283 4117 certe
316 4071 401 4117 saec.
425 4054 470 4131 X,
499 4052 645 4131 idemque
680 4052 817 4117 reiciens
852 4053 1064 4134 suspicionem
1088 4073 1172 4134 eam,
1198 4073 1279 4134 quae
1326 4090 1329 4098 ·

108 4143 245 4224 Paulum
273 4159 452 4223 Diaconum
490 4158 583 4240 fingit
618 4163 781 4224 auctorem
820 4160 922 4224 nostri
957 4161 1150 4242 compendii,
1190 4165 1279 4226 recte

108 4269 216 4331 monet
243 4285 357 4330 nomen
383 4265 487 4347 ipsum
510 4266 558 4329 M.
583 4265 657 4331 Ceti
679 4266 855 4331 Faventini
879 4267 1006 4332 minime
1035 4287 1150 4350 sapere
1174 4272 1279 4350 poste·

108 4373 225 4439 riorem
264 4377 419 4453 aetatem,
456 4391 515 4438 nec
547 4392 610 4438 non
633 4373 695 4456 ipsi
718 4374 817 4439 Rusio
845 4374 1015 4440 ridebatur
1046 4380 1177 4459 „auctor
1200 4375 1280 4442 satis

1088 4483 1101 4534 1
