2924 4860
653 807 792 924 Vito.

672 1009 777 1017 ———.

230 1095 337 1160 Natus
361 1114 429 1161 sum
455 1097 637 1164 Fridericus
662 1097 778 1162 Krohn
804 1096 834 1160 d.
859 1095 967 1161 XXV
990 1114 1030 1159 m.
1056 1093 1198 1176 Septa.
1225 1091 1256 1158 h.
1282 1111 1307 1158 s

142 1201 301 1268 LXXIII
337 1201 369 1266 in
400 1203 611 1269 Pomeruniae
647 1203 771 1285 oppid0,
808 1202 892 1283 quod
927 1214 1062 1266 uocatur
1096 1199 1308 1280 Schivelbein,

141 1317 235 1391 petre
258 1308 384 1389 Oarolo,
414 1310 467 1389 qui
498 1317 705 1392 praematuro
734 1315 836 1380 morte
865 1308 940 1373 mihi
968 1313 1098 1390 ereptus
1122 1312 1181 1388 est,
1207 1312 1310 1372 matre

142 1417 255 1482 Huldo
278 1423 394 1499 egente
410 1417 593 1499 Eichsttidt,
611 1437 704 1498 quam
721 1416 927 1499 superstitem
944 1415 1047 1480 adhuc
1064 1415 1158 1482 ualde
1173 1416 1308 1496 gaudeo.

142 1522 235 1588 Fidei
263 1523 410 1588 addictus
439 1543 506 1589 sum
534 1526 751 1608 evangelicae.
798 1523 916 1589 Primis
940 1522 1121 1587 litterarum
1147 1521 1311 1588 elementis

142 1631 282 1696 imbutus
306 1631 369 1695 attii
389 1632 590 1713 gymnasium
605 1631 855 1712 Neosedinense,
887 1629 970 1711 quod
993 1635 1060 1695 tum
1078 1631 1134 1694 sub
1160 1628 1310 1711 auspictis
1356 1719 1359 1724 Ι

144 1737 250 1803 Caroli
278 1737 427 1804 SchIrlitz
455 1756 485 1803 u.
511 1739 541 1803 d.
566 1739 711 1805 florebat.
770 1740 857 1805 Vero
882 1736 956 1802 atini
983 1735 1086 1802 XCII
1114 1737 1312 1802 maturitatis

144 1845 324 1910 testimonio
348 1830 523 1911 instructus
547 1846 781 1913 Universitatis
804 1845 991 1909 Fridericae
1008 1843 1187 1910 Guilelmae
1210 1845 1310 1909 Bero-

142 1952 272 2019 linensIs
307 1952 430 2018 civibus
465 1972 535 2018 sum
570 1954 751 2036 adscriptus
780 1952 885 2032 ibique
915 1951 1027 2016 studiis
1054 1951 1254 2033 philologieis
1279 1959 1312 2016 et

143 2060 393 2142 archaeologicis
418 2080 546 2142 operam
572 2061 655 2127 dedi.
695 2062 885 2127 Docuerunt
900 2079 950 2124 me
967 2079 1024 2141 per
1039 2058 1128 2124 VIII
1144 2059 1311 2123 semestris
1380 2042 1382 2046 ’

143 2186 194 2233 vv.
213 2167 269 2232 dd:
295 2164 472 2252 Curtius†,
501 2169 600 2249 Diels,
631 2168 775 2250 Dilthey,
801 2166 914 2247 Graes,
940 2165 1137 2246 Hirschfeld,
1162 2165 1327 2252 Hitbner,

143 2274 340 2355 Kelkmann,
373 2276 503 2341 Kekule
527 2277 567 2340 de
591 2275 786 2356 Stradonitn,
816 2276 921 2349 Korn,
953 2272 1133 2353 Kirchhoff,
1158 2274 1310 2355 Paulson,

142 2380 326 2463 Puchsteio,
352 2381 691 2462 Soheffer-Boichorst,
708 2385 747 2447 ll.
766 2381 920 2454 Schmidt,
945 2382 980 2446 J.
998 2381 1152 2462 Schmidt,
1173 2381 1311 2464 Stumpf,

143 2488 181 2554 de
205 2488 397 2554 Treitschke
422 2485 485 2575 (†),
510 2490 645 2572 Vahlen,
671 2491 902 2568 Waltenbach,
929 2489 1069 2569 Winter,
1097 2488 1215 2554 Zeller.

232 2594 398 2661 Seminarii
434 2597 618 2680 philologici
653 2617 720 2680 per
747 2603 862 2679 quater
885 2597 934 2663 Vl
963 2614 1087 2662 menses
1120 2595 1164 2661 fui
1194 2595 1311 2662 sodalis

142 2702 335 2780 ordinarium
372 2705 413 2769 ad
449 2704 743 2785 exerercitutiones,
773 2724 853 2784 quos
877 2702 1019 2769 instituit
1042 2703 1310 2786 orchaeologicos

143 2810 277 2890 benique
307 2810 427 2876 uelitum
457 2811 531 2876 mihi
562 2812 707 2894 permisit
730 2813 862 2878 Kekule
895 2812 935 2876 de
959 2810 1153 2890 Strodonitz,
1178 2811 1220 2875 ad
1245 2810 1309 2893 epi·

141 2917 312 2999 graphiens
336 2918 530 2984 Kirchhoffii
556 2919 777 2986 benevolentia
802 2938 869 2984 sum
893 2923 1051 3000 receptus.

233 3023 355 3107 Quibus
389 3027 532 3091 omnibus
569 3026 644 3092 viris
680 3027 868 3093 doctissimis
905 3026 1024 3108 opthne
1053 3026 1093 3090 de
1116 3044 1165 3091 me
1188 3026 1311 3092 meritis

141 3132 266 3215 grottas
283 3150 343 3214 ago
360 3152 453 3212 quam
471 3134 636 3215 maximnm,
654 3136 708 3200 sed
725 3122 878 3216 imprimis
891 3132 1093 3198 Kirchhofiio
1110 3132 1313 3215 etVahleno,

143 3258 274 3320 quorum
303 3250 339 3305 ut
368 3241 516 3306 doctrine
549 3241 676 3308 fruerer
699 3242 730 3307 in
755 3241 922 3308 seminario
948 3239 1146 3322 philologico,
1172 3240 1311 3322 ipsorum

143 3348 279 3430 contigit
308 3348 519 3430 benignitate,
550 3348 664 3430 quique
692 3349 787 3414 iidem
818 3369 889 3415 mee
913 3347 1019 3414 studio
1042 3367 1167 3430 semper
1190 3367 1311 3414 summo

144 3473 214 3520 cum
238 3455 387 3520 comitate
410 3464 565 3522 rexerunt
589 3463 623 3521 et
646 3456 851 3524 adiuverunt.
